%% This BibTeX bibliography file was created using BibDesk.
%% https://bibdesk.sourceforge.io/

%% Created for 伍晨旭 at 2019-04-10 17:21:25 +0800 


%% Saved with string encoding Unicode (UTF-8) 



@article{HBNU,
	Author = {HBNU},
	Date-Added = {2019-04-10 17:10:19 +0800},
	Date-Modified = {2019-04-10 17:20:36 +0800},
	Journal = {HBNU},
	Number = {1},
	Title = {计算机科学与技术学院本科毕业论文（设计）撰写规范201805},
	Year = {2018}}

@book{lshort-zh-cn,
	Author = {zpxing and Frogge and liwenjun and lijian605 and gprsnl},
	Date-Modified = {2019-04-10 17:21:25 +0800},
	Journal = {ChinaTEX},
	Number = {5},
	Title = {lshort-zh-cn},
	Year = {2017}}

@book{CTEX,
	Author = {吴凌云 and 江疆 and 王越 and 刘海洋 and 李延瑞 and 陈之初 and 李清 and 黄晨成},
	Date-Modified = {2019-04-10 17:21:05 +0800},
	Number = {3},
	Title = {CTEX 宏集手册},
	Year = {2018}}

@article{XMU,
	Author = {余钰炜},
	Date-Modified = {2019-04-10 17:20:53 +0800},
	Number = {2},
	Title = {厦门大学博士学位模板},
	Year = {2016}}

@article{013latex,
	Author = {刘海洋},
	Date-Modified = {2019-04-10 17:21:17 +0800},
	Journal = {电子工业出版社, 北京},
	Number = {4},
	Title = {LATEX 入门},
	Year = {2013}}
