%% This BibTeX bibliography file was created using BibDesk.
%% https://bibdesk.sourceforge.io/

%% Created for 伍晨旭 at 2019-04-21 20:24:52 +0800 


%% Saved with string encoding Unicode (UTF-8) 



@article{11,
	Author = {小金},
	Date-Added = {2019-04-21 20:10:53 +0800},
	Date-Modified = {2019-04-21 20:12:08 +0800},
	Journal = {新电脑},
	Number = {02},
	Pages = {116-119},
	Title = {手工处理恶性计算机后门 系统安全保卫战},
	Year = {2006}}

@mastersthesis{10,
	Address = {北京邮电大学},
	Author = {朱文杰},
	Date-Added = {2019-04-21 20:08:01 +0800},
	Date-Modified = {2019-04-21 20:24:52 +0800},
	Keywords = {网络安全，恶意代码，木马，后门，RootKit，APT Hook，SSDT Hook},
	Month = {03},
	School = {北京邮电大学},
	Title = {隐藏型后门程序设计与实现},
	Year = {2006}}

@article{9,
	Author = {小金},
	Date-Added = {2019-04-21 20:03:53 +0800},
	Date-Modified = {2019-04-21 20:15:54 +0800},
	Journal = {新电脑},
	Number = {02},
	Pages = {104-105},
	Title = {CHIP信息安全技术------惊心动魄的后门程序阻击战},
	Year = {2004}}

@article{8,
	Author = {汪彩梅,蒋薇薇,刘文杰},
	Date-Added = {2019-04-21 20:00:30 +0800},
	Date-Modified = {2019-04-21 20:03:50 +0800},
	Journal = {网络安全技术与应用},
	Number = {02},
	Pages = {19-21},
	Title = {基于C/S结构的无端口后门的研究与实现[},
	Year = {2011}}

@article{7,
	Author = {王娟},
	Date-Added = {2019-04-21 19:58:53 +0800},
	Date-Modified = {2019-04-21 20:00:25 +0800},
	Journal = {计算机安全},
	Number = {06},
	Pages = {54-55},
	Title = {Hacker's Door后门程序查杀办法},
	Year = {2005}}

@article{6,
	Author = {乔巧},
	Date-Added = {2019-04-21 19:57:48 +0800},
	Date-Modified = {2019-04-21 19:58:49 +0800},
	Journal = {企业科技与发展},
	Number = {02},
	Pages = {178-179},
	Title = {计算机网络安全中防火墙技术的应用探究},
	Year = {2019}}

@article{5,
	Author = {陈中男},
	Date-Added = {2019-04-21 19:54:37 +0800},
	Date-Modified = {2019-04-21 19:57:41 +0800},
	Journal = {网络安全技术与应用},
	Number = {03},
	Pages = {22-23},
	Title = {浅谈计算机网络安全中防火墙技术的探索与运用},
	Year = {2019}}

@article{4,
	Author = {刘陆民},
	Date-Added = {2019-04-19 10:31:46 +0800},
	Date-Modified = {2019-04-19 10:38:14 +0800},
	Journal = {数字技术与应用},
	Number = {02},
	Pages = {199-200},
	Title = {浅谈Linux防火墙Netfilter/Iptables在网络安全中的应},
	Volume = {36},
	Year = {2018}}

@article{3,
	Author = {廖永红,黄战},
	Date-Added = {2019-04-13 16:25:35 +0800},
	Date-Modified = {2019-04-13 16:27:17 +0800},
	Journal = {电脑与信息技术},
	Pages = {4-7},
	Title = {基于IP包内容的Windows包过滤技术的实现},
	Volume = {03},
	Year = {2001}}

@article{2,
	Author = {梁炯棠},
	Date-Added = {2019-04-13 14:59:37 +0800},
	Date-Modified = {2019-04-13 15:07:53 +0800},
	Journal = {电子技术与软件工程},
	Keywords = {WEB application;network attack;vulnerabilities;security countermeasure},
	Month = {7},
	Number = {21},
	Pages = {5716-5719},
	Title = {计算机网络安全的影响因素与防范措施},
	Volume = {6},
	Year = {2010}}

@webpage{1,
	Author = {国家互联网应急中心},
	Date-Added = {2019-04-12 20:45:29 +0800},
	Date-Modified = {2019-04-19 10:40:30 +0800},
	Journal = {网络安全},
	Month = {9},
	Title = {计算机恶意程序传播渠道安全检测报告-2018年9月},
	Url = {http://www.cert.org.cn/publish/main/upload/File/2018%2009%20malware%20.pdf},
	Year = {2018},
	Bdsk-Url-1 = {http://www.cert.org.cn/publish/main/upload/File/2018%2009%20malware%20.pdf}}
